


@Article{Lazaric,
author={Lazaric A.;  Azizzadenesheli,K.; Anandkumar A.},
journal={Journal of Machine Learning Research},
title={Reinforcement Learning of POMDPs using Spectral Methods},
year={2016},
volume = {49},
pages={1-64}
}


@misc{Yue,
      title={Policy Gradient in Partially Observable Environments: Approximation and Convergence}, 
      author={Kamyar Azizzadenesheli and Yisong Yue and Animashree Anandkumar},
      year={2020},
      eprint={1810.07900},
      archivePrefix={arXiv},
      primaryClass={cs.LG},
      url={https://arxiv.org/abs/1810.07900}
}

@misc{Arcieri,
      title={POMDP inference and robust solution via deep reinforcement learning: An application to railway optimal maintenance}, 
      author={Giacomo Arcieri and Cyprien Hoelzl and Oliver Schwery and Daniel Straub and Konstantinos G. Papakonstantinou and Eleni Chatzi},
      year={2023},
      eprint={2307.08082},
      archivePrefix={arXiv},
      primaryClass={cs.LG},
      url={https://arxiv.org/abs/2307.08082}
}

@article{Gaudet,
   title={Six degree-of-freedom body-fixed hovering over unmapped asteroids via LIDAR altimetry and reinforcement meta-learning},
   volume={172},
   ISSN={0094-5765},
   url={http://dx.doi.org/10.1016/j.actaastro.2020.03.026},
   DOI={10.1016/j.actaastro.2020.03.026},
   journal={Acta Astronautica},
   publisher={Elsevier BV},
   author={Gaudet, Brian and Linares, Richard and Furfaro, Roberto},
   year={2020},
   month=jul, pages={90–99}
}

@inproceedings{Wang,
  author       = {Wang, Y. and Tan, X},
  title        = {Deep Recurrent Belief Propagation Network for POMDPs},
  booktitle    = {The Thirty-Fifth AAAI Conference on Artificial Intelligence},
  year         = {2021},
  address      = {Breckenridge, CO},
  organization = {AAAI}
}

@inproceedings{Chen,
  author       = {Chen, V. and Copp, D. A. and Phillips, S.},
  title        = {Planning Autonomous Spacecraft Rendezvous and Docking Trajectories via Reinforcement Learning},
  booktitle    = {Proceedings of the 45th Rocky Mountain AAS GN\&C Conference},
  year         = {2023},
  address      = {Breckenridge, CO},
  organization = {American Astronautical Society}
}
   
   
@article{Lavagna,
author = {Silvestrini, Stefano and Lavagna, Michèle},
year = {2021},
month = {09},
pages = {},
title = {Neural-Based Predictive Control for Safe Autonomous Spacecraft Relative Maneuvers},
volume = {44},
journal = {Journal of Guidance Control and Dynamics},
doi = {10.2514/1.G005481}
}

@misc{Hausknecht,
      title={Deep Recurrent Q-Learning for Partially Observable MDPs}, 
      author={Matthew Hausknecht and Peter Stone},
      year={2017},
      eprint={1507.06527},
      archivePrefix={arXiv},
      primaryClass={cs.LG},
      url={https://arxiv.org/abs/1507.06527}
}

@misc{Lu,
      title={Rethinking Transformers in Solving POMDPs}, 
      author={Chenhao Lu and Ruizhe Shi and Yuyao Liu and Kaizhe Hu and Simon S. Du and Huazhe Xu},
      year={2024},
      eprint={2405.17358},
      archivePrefix={arXiv},
      primaryClass={cs.LG},
      url={https://arxiv.org/abs/2405.17358}
}


@misc{Hoerger,
      title={A Surprisingly Simple Continuous-Action POMDP Solver: Lazy Cross-Entropy Search Over Policy Trees}, 
      author={Marcus Hoerger and Hanna Kurniawati and Dirk Kroese and Nan Ye},
      year={2023},
      eprint={2305.08049},
      archivePrefix={arXiv},
      primaryClass={cs.AI},
      url={https://arxiv.org/abs/2305.08049}
}


@misc{He,
      title={Finite-Time Analysis of Natural Actor-Critic for POMDPs}, 
      author={Semih Cayci and Niao He and R. Srikant},
      year={2023},
      eprint={2202.09753},
      archivePrefix={arXiv},
      primaryClass={cs.LG},
      url={https://arxiv.org/abs/2202.09753}, 
}









 




